% This file was created with JabRef 2.10b2.
% Encoding: UTF-8

@article{vinho,
title = {Modeling wine preferences by data mining from physicochemical properties},
journal = {Decision Support Systems},
volume = {47},
number = {4},
pages = {547-553},
year = {2009},
note = {Smart Business Networks: Concepts and Empirical Evidence},
issn = {0167-9236},
doi = {https://doi.org/10.1016/j.dss.2009.05.016},
url = {https://www.sciencedirect.com/science/article/pii/S0167923609001377},
author = {Paulo Cortez and António Cerdeira and Fernando Almeida and Telmo Matos and José Reis},
keywords = {Sensory preferences, Regression, Variable selection, Model selection, Support vector machines, Neural networks},
abstract = {We propose a data mining approach to predict human wine taste preferences that is based on easily available analytical tests at the certification step. A large dataset (when compared to other studies in this domain) is considered, with white and red vinho verde samples (from Portugal). Three regression techniques were applied, under a computationally efficient procedure that performs simultaneous variable and model selection. The support vector machine achieved promising results, outperforming the multiple regression and neural network methods. Such model is useful to support the oenologist wine tasting evaluations and improve wine production. Furthermore, similar techniques can help in target marketing by modeling consumer tastes from niche markets.}
}

@Book{pldc,
  Title                    = {Programming Language Design Concepts},
  Author                   = {David A. Watt},
  Publisher                = {John Wiley \& Sons},
  Year                     = {2004},

  Address                  = {University of Glasgow},
  Edition                  = {1},

  Page                     = {473},
  Timestamp                = {2004.05.21}
}
@Misc{comparacao,
  Title                    = {Python: Comparando Python com outras linguagens},

  Author                   = {Sara Filipa},
  Year                     = {2020},

  Timestamp                = {2020.10.30},
  Url                      = {https://www.cetax.com.br/blog/comparando-python-com-outras-linguagens/},
  Urlaccessdate            = {1 de junho de 2021}
}
@Misc{SO,
  Title                    = {2020 Developer Survey},

  Author                   = {Stack Overflow},
  Year                     = {2020},

  Timestamp                = {2020.02.30},
  Url                      = {https://insights.stackoverflow.com/survey/2020#overview},
  Urlaccessdate            = {1 de junho de 2021}
}
@Misc{SOIEEE,
  Title                    = {Interactive: The Top Programming Languages},

  Author                   = {IEEE Spectrum},
  Year                     = {2020},

  Timestamp                = {2020.08.01},
  Url                      = {https://spectrum.ieee.org/static/interactive-the-top-programming-languages-2020},
  Urlaccessdate            = {1 de junho de 2021}
}

@Misc{entrevistaGuido,
  Title                    = {The Making of Python: A Conversation with Guido van Rossum, Part I},

  Author                   = {Bill Venners},
  Year                     = {2003},

  Timestamp                = {2003.01.13},
  Url                      = {https://www.artima.com/articles/the-making-of-python},
  Urlaccessdate            = {1 de junho de 2021}
}
@Misc{cnri,
  Title                    = {About CNRI},

  Author                   = {CNRI},
  Year                     = {2020},

  Timestamp                = {2020.06.01},
  Url                      = {https://www.cnri.reston.va.us/about_cnri.html},
  Urlaccessdate            = {1 de junho de 2021}
}

@Misc{list,
  Title                    = {List Comprehension},

  Author                   = {Denis Howe},

  Organization             = {Dicionário Livre de Computação},

  Year                     = {2005},

  Timestamp                = {2005.01.25},
  Url                      = {https://web.archive.org/web/20050125080818/http://ftp.sunet.se/foldoc/foldoc.cgi?list+comprehension},
  Urlaccessdate            = {1 de junho de 2021}
}

@Manual{pyMan,
  Title                    = {Python/C API Reference Manua},
  Author                   = {Python Software Foundation},
  Organization             = {Python Software Foundation},
  Year                     = {2021},

  Bdsk-url-1               = {https://docs.python.org/3/c-api/init.html#thread-state-and-the-global-interpreter-lock},
  Pages                    = {90},
  Subtitle                 = {Initialization, Finalization, and Threads},
  Timestamp                = {2021.06.01},
  Url                      = {https://docs.python.org/3/c-api/index.html},
  Urlaccessdate            = {01 de fevereiro de 2021}
}


@Misc{bus,
  Title                    = {If Guido was hit by a bus?},

  Author                   = {Michael McLay},
  Year                     = {1994},

  Timestamp                = {1994.06.29},
  Url                      = {https://legacy.python.org/search/hypermail/python-1994q2/1040.html},
  Urlaccessdate            = {1 de junho de 2021}
}

@Misc{alt.sources,
  Title                    = {alt-sources-intro},

  Author                   = {Jonathan I. Kamens},
  Year                     = {2008},

  Timestamp                = {2008.06.17},
  Url                      = {http://www.faqs.org/faqs/alt-sources-intro/},
  Urlaccessdate            = {1 de junho de 2021}
}


@Manual{30,
  Title                    = {The Python 2.3 Method Resolution Order},
  Author                   = {Michele Simionato},
  Organization             = {Python Software Foundation},
  Year                     = {2008},

  Bdsk-url-1               = {https://www.python.org/download/releases/2.3/mro/},
  Pages                    = {20},
  Subtitle                 = {Documentos t\'{e}cnicos e cient\'{i}ficos brasileiros compat\'{i}veis com as normas ABNT},
  Timestamp                = {2014.09.27},
  Url                      = {https://www.python.org/download/releases/2.3/mro/},
  Urlaccessdate            = {31 de maio de 2021}
}


@Misc{PyDoc,
  Title                    = {Python Official Documentation},

  Author                   = {Python Software Foundation},
  Year                     = {2021},

  Key                      = {FSF},
  Timestamp                = {2021.05.31},
  Url                      = {https://docs.python.org/3/},
  Urlaccessdate            = {31 de maio de 2021}
}
@book{10.5555/2011965,
author = {van Rossum, Guido and Drake, Fred L.},
title = {The Python Language Reference Manual},
year = {2011},
isbn = {1906966141},
publisher = {Network Theory Ltd.},
abstract = {This is a printed edition of the official Python language reference manual from the Python 3.2 distribution. It describes the syntax of Python 3 and its built-in datatypes and operators. Python is an interpreted object-oriented programming language, suitable for rapid application development and scripting. This manual is intended for advanced users who need a complete description of the Python 3 language syntax and object system. A simpler tutorial suitable for new users of Python is available in the companion volume "An Introduction to Python (for Python version 3.2)" (ISBN 978-1-906966-13-3). For each copy of this manual sold USD 1 is donated to the Python Software Foundation by the publisher, Network Theory Ltd.}
}
@Misc{zope,
  Title                    = {Zope Official Documentation},

  Author                   = {Zope Project and Community},
  Year                     = {2021},

  Key                      = {FSF},
  Timestamp                = {2021.05.31},
  Url                      = {https://www.zope.org/documentation/index.html},
  Urlaccessdate            = {31 de maio de 2021}
}
@Misc{FSF,
  Title                    = {Free Software Foundation},

  Author                   = {Free Software Foundation},
  Year                     = {2021},

  Key                      = {PSF},
  Timestamp                = {2021.05.31},
  Url                      = {https://www.fsf.org/about/},
  Urlaccessdate            = {31 de maio de 2021}
}
@Misc{MountPython,
  Title                    = {Mount Python's Flying Circus},

  Author                   = {Wikipedia},
  Year                     = {2021},

  Key                      = {MountPython},
  Timestamp                = {2021.05.31},
  Url                      = {https://en.wikipedia.org/wiki/Monty_Python},
  Urlaccessdate            = {31 de maio de 2021}
}

@Manual{abnTeX22014b,
  Title                    = {A classe abntex2},
  Author                   = {abnTeX2 and Lauro C\'{e}sar Araujo},
  Organization             = {Equipe abnTeX2},
  Year                     = {2014},

  Bdsk-url-1               = {http://code.google.com/p/abntex2/wiki/Download},
  Pages                    = {46},
  Subtitle                 = {Documentos t\'{e}cnicos e cient\'{i}ficos brasileiros compat\'{i}veis com as normas ABNT},
  Timestamp                = {2014.09.27},
  Url                      = {http://abntex2.googlecode.com/},
  Urlaccessdate            = {12 de setembro de 2014}
}

@Manual{abnTeX22014d,
  Title                    = {O pacote abntex2cite},
  Author                   = {abnTeX2 and Lauro C\{\textquoteright}{e}sar Araujo},
  Organization             = {Equipe abnTeX2},
  Year                     = {2014},

  Bdsk-url-1               = {http://code.google.com/p/abntex2/wiki/Download},
  Pages                    = {91},
  Subtitle                 = {Estilos bibliogr\'{a}ficos compat\'{i}veis com a ABNT NBR 6023},
  Timestamp                = {2014.09.27},
  Url                      = {http://abntex2.googlecode.com/},
  Urlaccessdate            = {12 de setembro de 2014}
}

@Manual{abnTeX22014c,
  Title                    = {O pacote abntex2cite},
  Author                   = { Lauro C\'{e}sar Araujo and abnTeX2 },
  Organization             = {Equipe abnTeX2},
  Year                     = {2014},

  Bdsk-url-1               = {http://code.google.com/p/abntex2/wiki/Download},
  Pages                    = {23},
  Subtitle                 = {T\'{o}picos espec\'{i}ficos da ABNT NBR 10520:2002 e o estilo bibliogr\'{a}fico alfab\'{e}tico (sistema autor-data)},
  Timestamp                = {2014.09.27},
  Url                      = {http://abntex2.googlecode.com/},
  Urlaccessdate            = {12 de setembro de 2014}
}

@Book{Barbosa2004,
  Title                    = {Testando a utiliza{\c c}\~ao de ``et al.''},
  Author                   = {Carlos Barbosa and {Maria da} Silva Cardoso and {Tenitos da} Silva and Carminda Soares},
  Publisher                = {Editora},
  Year                     = {2004},

  Address                  = {Cidade},
  Edition                  = {2},

  Page                     = {5},
  Timestamp                = {2014.09.24}
}

@Misc{BibTeX2014,
  Title                    = {BibTeX.org},

  Author                   = {BibTeX},
  Year                     = {2014},

  Timestamp                = {2014.09.27},
  Url                      = {http://www.bibtex.org},
  Urlaccessdate            = {31 de julho de 2014}
}

@Book{Buerger1989,
  Title                    = {LaTeX for scientists and engineers},
  Author                   = {Buerger, David John},
  Publisher                = {McGraw-Hill},
  Year                     = {1989},

  Address                  = {Singapura},

  Timestamp                = {2014.09.27}
}

@Article{Carvalho2001,
  Title                    = {Intelig{\^e}ncia competitiva numa vis\~ao de futuro},
  Author                   = {Cl\{\textquoteright}{a}udia Carvalho and Jos\'{e} Fajardo and Joaquim Cruz},
  Journal                  = {DataGramaZero - Revista da Ci{\^e}ncia da Informa{\c c}\~ao},
  Year                     = {2001},
  Number                   = {3},
  Pages                    = {12--16},
  Volume                   = {2},

  Mounth                   = {junho},
  Subtitle                 = {proposta metodol\'{o}gica},
  Timestamp                = {2014.09.27}
}

@Book{Goossens2007,
  Title                    = {The LaTeX graphics companion},
  Author                   = {Goossens, Michel and Mittelbach, Frank and Rahtz, Sebastian and Roegel, Denis and Voss, Herbert},
  Publisher                = {Addison-Wesley},
  Year                     = {2007},

  Address                  = {Boston},
  Edition                  = {2},

  Timestamp                = {2014.09.27}
}

@Misc{IRL2014,
  Title                    = {Internet Research Laboratory},

  Author                   = {IRL},
  Year                     = {2014},

  Key                      = {IRL},
  Timestamp                = {2014.09.24},
  Url                      = {http://irl.cs.ucla.edu/topology},
  Urlaccessdate            = {8 de mar{\c c}o de 2014}
}

@Book{Kopka2003,
  Title                    = {Guide to LaTeX},
  Author                   = {Kopka, Helmut and Daly, Patrick W.},
  Publisher                = {Addison-Wesley},
  Year                     = {2003},

  Address                  = {Boston},
  Edition                  = {4},

  Timestamp                = {2014.09.27}
}

@Book{Lamport1986,
  Title                    = {LaTeX: a document preparation system},
  Author                   = {Lamport, Leslie},
  Publisher                = {Addison-Wesley},
  Year                     = {1986},

  Address                  = {Boston},

  Timestamp                = {2014.09.27}
}

@Misc{LaTeX2014,
  Title                    = {The LaTeX project},

  Author                   = {LaTeX},
  Year                     = {2014},

  Timestamp                = {2014.09.27},
  Url                      = {http://www.latex-project.org},
  Urlaccessdate            = {31 de julho de 2014}
}

@Book{Maturana2003,
  Title                    = {A \'{A}rvore do Conhecimento},
  Author                   = {Humberto R. Maturana and Francisco J. Varela},
  Publisher                = {Editora Palas Athena},
  Year                     = {2003},

  Address                  = {S\~ao Paulo},
  Edition                  = {3},

  Page                     = {283},
  Subtitle                 = {as bases biol\'{o}gicas da compreens\~{a}o humana},
  Timestamp                = {2014.09.27}
}

@Book{Mittelbach2004,
  Title                    = {The LaTeX companion},
  Author                   = {Mittelbach, Frank and Goossens, Michel and Braams, Johannes and Carlisle, David and Rowley, Chris},
  Publisher                = {Addison-Wesley},
  Year                     = {2004},

  Address                  = {Boston},
  Edition                  = {2},

  Timestamp                = {2014.09.27}
}

@PhdThesis{Neubert2001,
  Title                    = {Algoritmos Distribu\'{i}dos para a Constru{\c c}\~ao de Arquivos Invertidos},
  Author                   = {Marden Silveira Neubert},
  School                   = {Departamento de Computa{\c c}\~ao, Universidade Federal de Minas Gerais},
  Year                     = {2001},

  Address                  = {Belo Horizonte},
  Type                     = {Doutorado em Ci{\^e}ncia da Computa{\c c}\~ao},

  Pagename                 = {f.},
  Pages                    = {145},
  Timestamp                = {2014.09.26},
  Year-presented           = {Mar{\c c}o 2001}
}

@MastersThesis{Santos2003,
  Title                    = {Aspectos Conceituais e Arquiteturais para a Cria{\c c}\~ao de Linhagens de Agentes de Software Cognitivos e Situados},
  Author                   = {Bruno Andr\'{e} Santos},
  School                   = {Centro Federal de Educa{\c c}\~ao Tecnol\'{o}gica de Minas Gerais},
  Year                     = {2003},

  Address                  = {Belo Horizonte},
  Type                     = {Mestrado em Tecnologia -- Nome da \'{a}rea de concentra{\c c}\~ao},

  Key                      = {intelig{\^e}ncia artificial, agentes inteligentes, cogni{\c c}\~ao situada},
  Pagename                 = {f.},
  Pages                    = {130},
  Timestamp                = {2014.09.26},
  Year-presented           = {Junho 2003}
}

@Book{Silva2000,
  Title                    = {A Intelig{\^e}ncia da Complexidade},
  Author                   = {Silva, Joaquim and Souza, Jo\~ao {Luiz de}},
  Publisher                = {Editora Petr\'{o}polis},
  Year                     = {2000},

  Address                  = {S\~ao Paulo},

  Timestamp                = {2014.09.24}
}

@MastersThesis{Souza2012,
  Title                    = {Recupera{\c c}\~ao de V\'{i}deos Baseada em Conte\'{u}do em um Sistema de Informa{\c c}\~ao para Apoio \`{a} An\'{a}lise do Discurso Televisivo},
  Author                   = {Celso {Luiz de} Souza},
  School                   = {Centro Federal de Educa{\c c}\~ao Tecnol\'{o}gica de Minas Gerais},
  Year                     = {2012},

  Address                  = {Belo Horizonte},
  Type                     = {Mestrado em Modelagem Matem\'{a}tica e Computacional -- Sistemas Inteligentes},

  Pagename                 = {f.},
  Pages                    = {130},
  Timestamp                = {2014.09.26},
  Year-presented           = {Outubro 2011}
}

@Article{vanGELDER1998,
  Title                    = {Disentangling Dynamics, Computation and Cognition},
  Author                   = {Tim {van GELDER}},
  Journal                  = {Behavioral and Brain Sciences},
  Year                     = {1998},
  Pages                    = {40--47},
  Volume                   = {21},

  Key                      = {cognitive science, digital computer, dynamical hypothesis, dynamical system},
  Timestamp                = {2014.09.26}
}

@Manual{NBR14724:2011,
  Title                    = {{ABNT NBR} 14724},

  Address                  = {Rio de Janeiro},
  Month                    = mar,
  Organization             = {Associa{\c c}\~ao Brasileira de Normas T\'ecnicas},
  Year                     = {2011},

  Org-short                = {ABNT},
  Pages                    = {11},
  Subtitle                 = {Informa{\c c}\~ao e documenta{\c c}\~ao --- Trabalhos acad\^emicos --- Apresenta{\c c}\~ao},
  Timestamp                = {2014.09.27}
}

@Manual{NBR15287:2005,
  Title                    = {{ABNT NBR} 15287},

  Address                  = {Rio de Janeiro},
  Month                    = {dez.},
  Organization             = {Associa{\c c}\~ao Brasileira de Normas T\'ecnicas},
  Year                     = {2005},

  Org-short                = {ABNT},
  Pages                    = {6},
  Subtitle                 = {Informa{\c c}\~ao e documenta{\c c}\~ao --- Projeto de pesquisa --- Apresenta{\c c}\~ao},
  Timestamp                = {2014.09.27}
}

@Manual{NBR10520:2002,
  Title                    = {{NBR} 10520},

  Address                  = {Rio de Janeiro},
  Month                    = {ago.},
  Organization             = {Associa{\c c}\~ao Brasileira de Normas T\'ecnicas},
  Year                     = {2002},

  Org-short                = {ABNT},
  Pages                    = {7},
  Subtitle                 = {Informa{\c c}\~ao e documenta{\c c}\~ao --- Cita{\c c}\~oes em documentos --- Apresenta{\c c}\~ao},
  Timestamp                = {2014.09.27}
}

@Manual{NBR6023:2002,
  Title                    = {{NBR} 6023},

  Address                  = {Rio de Janeiro},
  Month                    = {ago.},
  Organization             = {Associa{\c c}\~ao Brasileira de Normas T\'ecnicas},
  Year                     = {2002},

  Org-short                = {ABNT},
  Pages                    = {24},
  Subtitle                 = {Informa{\c c}\~ao e documenta{\c c}\~ao --- Refer\^encias --- Elabora{\c c}\~ao},
  Timestamp                = {2014.09.27}
}
